<collection xmlns="http://www.loc.gov/MARC21/slim">
<record>
  <leader>00319na 0a22000851i 450 </leader>
  <controlfield tag="001">IT\ICCU\CNCE\049781</controlfield>
  <controlfield tag="005">19991123000000.0</controlfield>
  <datafield tag="100" ind1=" " ind2=" ">
    <subfield code="a">19991123             0itac0103    ba</subfield>
  </datafield>
  <datafield tag="200" ind1="1" ind2=" ">
    <subfield code="a">Lettere di Anton Francesco Doni libro primo, e secondo coll&apos;aggiunta del terzo, e i termini della lingua toscana con varie rime</subfield>
  </datafield>
  <datafield tag="801" ind1=" " ind2="3">
    <subfield code="a">IT</subfield>
    <subfield code="b">ICCU</subfield>
    <subfield code="c">20201115</subfield>
  </datafield>
</record>
</collection>
